@online{thereareotherways,
  title={There are ways the FBI can crack the iPhone PIN without Apple doing it for them},
  author={Peter Bright},
  editor={Ars Technica},
  year={2016},
  url={http://arstechnica.com/apple/2016/03/there-are-ways-the-fbi-can-crack-the-iphone-pin-without-apple-doing-it-for-them/},
  urldate = {2016-03-10}
  }

@online{isntatsake,
  title={Encryption isn’t at stake, the FBI knows Apple already has the desired key},
  author={Peter Bright},
  editor={Ars Technica},
  year={2016},
  url={http://arstechnica.com/apple/2016/02/encryption-isnt-at-stake-the-fbi-knows-apple-already-has-the-desired-key/},
  urldate = {2016-03-10}
}

@online{mustunlock,
  title={Judge: Apple must help FBI unlock San Bernardino shooter’s iPhone},
  author={Cyrus Farivar},
  editor={Ars Technica},
  year={2016},
  url={http://arstechnica.com/tech-policy/2016/02/judge-apple-must-help-fbi-unlock-san-bernardino-shooters-iphone/},
  urldate = {2016-03-10}
}

@online{appletellscourt,
  title={Apple tells court it would have to create “GovtOS” to comply with ruling},
  author={Cyrus Farivar},
  editor={Ars Technica},
  year={2016},
  url={http://arstechnica.com/tech-policy/2016/02/apple-fires-back-at-doj-this-is-not-a-case-about-one-isolated-iphone/},
  urldate = {2016-03-10}
}

@online{messagetocustomers,
  title={A Message To Our Customers},
  author={Tim Cook},
  editor={Apple Inc},
  year={2016},
  url={http://www.apple.com/customer-letter/},
  urldate = {2016-03-10}
}

@online{courtfilings,
  title={New Court Filing Reveals Apple Faces 12 Other Requests to Break Into Locked iPhones},
  url={https://theintercept.com/2016/02/23/new-court-filing-reveals-apple-faces-12-other-requests-to-break-into-locked-iphones/},
  author={Jenna McLaughlin},
  editor={The Intercept},
  year={2016},
  urldate = {2016-03-10}
}

@online{synack,
  title={Apple Refuses to Unlock San Bernardino Shooter’s Phone: Get the Synack Perspective},
  url={https://www.synack.com/2016/02/18/apple-refuses-to-unlock-san-bernadino-shooters-phone-get-the-synack-perspective/},
  author={Synack.com},
  year={2016},
  urldate = {2016-03-10}
}
